@misc{EPRINT:LaiMal24,
      author = {Russell W. F. Lai and Giulio Malavolta},
      title = {Lattice-Based Timed Cryptography},
      howpublished = {Cryptology ePrint Archive, Paper 2024/540},
      year = {2024},
      doi = {https://doi.org/10.1007/978-3-031-38554-4_25},
      url = {https://eprint.iacr.org/2024/540}
}

@InProceedings{C:LaiMal23,
  author =       "Russell W. F. Lai and
                  Giulio Malavolta",
  title =        "Lattice-Based Timed Cryptography",
  pages =        "782--804",
  editor =       crypto23ed,
  booktitle =    crypto23name5,
  volume =       crypto23vol5,
  address =      cryptoaddr,
  month =        crypto23month,
  publisher =    cryptopub,
  series =       mylncs,
  year =         2023,
  doi =          "10.1007/978-3-031-38554-4_25",
  crossref_expanded =C23-5,
}

@misc{EPRINT:KotSet23,
      author = {Abhiram Kothapalli and Srinath Setty},
      title = {{HyperNova}: Recursive arguments for customizable constraint systems},
      howpublished = {Cryptology ePrint Archive, Paper 2023/573},
      year = {2023},
      note = {\url{https://eprint.iacr.org/2023/573}},
      url = {https://eprint.iacr.org/2023/573}
}

@InProceedings{EC:BDDNO21,
  author =       "Carsten Baum and
                  Bernardo David and
                  Rafael Dowsley and
                  Jesper Buus Nielsen and
                  Sabine Oechsner",
  title =        "{TARDIS}: {A} Foundation of Time-Lock Puzzles in {UC}",
  pages =        "429--459",
  editor =       eurocrypt21ed,
  booktitle =    eurocrypt21name3,
  volume =       eurocrypt21vol3,
  address =      eurocrypt21addr,
  month =        eurocrypt21month,
  publisher =    eurocryptpub,
  series =       mylncs,
  year =         2021,
  doi =          "10.1007/978-3-030-77883-5_15",
  crossref_expanded =EC21-3,
}

@InProceedings{ISC:BruLiaMit19,
  author =       "Carlo Brunetta and
                  Bei Liang and
                  Aikaterini Mitrokotsa",
  title =        "Code-Based Zero Knowledge {PRF} Arguments",
  pages =        "171--189",
  editor =       isc19ed,
  booktitle =    isc19name,
  volume =       isc19vol,
  address =      isc19addr,
  month =        isc19month,
  publisher =    iscpub,
  series =       mylncs,
  year =         2019,
  doi =          "10.1007/978-3-030-30215-3_9",
  crossref_expanded =ISC19,
}

@InProceedings{PROVSEC:BLLMT21,
	author="Brunetta, Carlo
	and Larangeira, Mario
	and Liang, Bei
	and Mitrokotsa, Aikaterini
	and Tanaka, Keisuke",
	editor="Huang, Qiong
	and Yu, Yu",
	title="Turn-Based Communication Channels",
	booktitle="Provable and Practical Security",
	year="2021",
	publisher="Springer International Publishing",
	address="Cham",
	pages="376--392",
	isbn="978-3-030-90402-9"
}


@misc{EPRINT:AteFehKlo21,
      author = {Thomas Attema and Serge Fehr and Michael Kloo√ü},
      title = {Fiat-Shamir Transformation of Multi-Round Interactive Proofs},
      howpublished = {Cryptology ePrint Archive, Paper 2021/1377},
      year = {2021},
      note = {\url{https://eprint.iacr.org/2021/1377}},
      url = {https://eprint.iacr.org/2021/1377}
}

@misc{EPRINT:PeiTan23,
      author = {Chris Peikert and Yi Tang},
      title = {Cryptanalysis of Lattice-Based Sequentiality Assumptions and Proofs of Sequential Work},
      howpublished = {Cryptology ePrint Archive, Paper 2023/1880},
      year = {2023},
      note = {\url{https://eprint.iacr.org/2023/1880}},
      url = {https://eprint.iacr.org/2023/1880}
}