@misc{Plonky2,
	author = {},
	title = {{G}it{H}ub - 0x{P}olygon{Z}ero/plonky2 --- github.com},
	howpublished = {\url{https://github.com/0xPolygonZero/plonky2}},
	year = {},
	note = {[Accessed 26-02-2024]},
}

@misc{EPRINT:KPV19,
      author = {Assimakis Kattis and Konstantin Panarin and Alexander Vlasov},
      title = {RedShift: Transparent SNARKs from List Polynomial Commitments},
      howpublished = {Cryptology ePrint Archive, Paper 2019/1400},
      year = {2019},
      doi = {10.1145/548606.3560657},
      url = {https://eprint.iacr.org/2019/1400}
} 

@inproceedings{ICALP:BBHR18,
  title={Fast reed-solomon interactive oracle proofs of proximity},
  author={Ben-Sasson, Eli and Bentov, Iddo and Horesh, Yinon and Riabzev, Michael},
  booktitle={45th international colloquium on automata, languages, and programming (icalp 2018)},
  year={2018},
  organization={Schloss Dagstuhl-Leibniz-Zentrum fuer Informatik}
}

@misc{EPRINT:VlaPan19,
      author = {Alexander Vlasov and Konstantin Panarin},
      title = {Transparent Polynomial Commitment Scheme with Polylogarithmic Communication Complexity},
      howpublished = {Cryptology ePrint Archive, Paper 2019/1020},
      year = {2019},
      url = {https://eprint.iacr.org/2019/1020}
}

@misc{EPRINT:BGKS19,
      author = {Eli Ben-Sasson and Lior Goldberg and Swastik Kopparty and Shubhangi Saraf},
      title = {DEEP-FRI: Sampling Outside the Box Improves Soundness},
      howpublished = {Cryptology ePrint Archive, Paper 2019/336},
      year = {2019},
      note = {\url{https://eprint.iacr.org/2019/336}},
      url = {https://eprint.iacr.org/2019/336}
}

@misc{EPRINT:ChiYog21,
      author = {Alessandro Chiesa and Eylon Yogev},
      title = {Subquadratic SNARGs in the Random Oracle Model},
      howpublished = {Cryptology ePrint Archive, Paper 2021/281},
      year = {2021},
      note = {\url{https://eprint.iacr.org/2021/281}},
      url = {https://eprint.iacr.org/2021/281}
}