@InProceedings{FC:AAS18,
	author="Aly, Abdelrahaman
	and Abidin, Aysajan
	and Nikova, Svetla",
	title="Practically Efficient Secure Distributed Exponentiation Without Bit-Decomposition",
	booktitle="Financial Cryptography and Data Security",
	year="2018",
	publisher="Springer Berlin Heidelberg",
	address="Berlin, Heidelberg",
	pages="291--309",
	isbn="978-3-662-58387-6"
}

@InProceedings{TCC:DFKNT06,
	author="Damg{\aa}rd, Ivan
		and Fitzi, Matthias
		and Kiltz, Eike
		and Nielsen, Jesper Buus
		and Toft, Tomas",
	editor="Halevi, Shai and Rabin, Tal",
	title="Unconditionally Secure Constant-Rounds Multi-party Computation for Equality, Comparison, Bits and Exponentiation",
	booktitle="Theory of Cryptography",
	year="2006",
	publisher="Springer Berlin Heidelberg",
	address="Berlin, Heidelberg",
	pages="285--304",
	isbn="978-3-540-32732-5"
}

@book{BOOK:Smart03,
  title={Cryptography: an introduction},
  author={Smart, Nigel Paul and others},
  volume={3},
  year={2003},
  publisher={McGraw-Hill New York}
}